@article{centers2014hiv,
  title={HIV risk, prevention, and testing behaviors. National HIV Behavioral Surveillance System: men who have sex with men, 20 US cities, 2011. In: HIV surveillance special report 8},
  author={Centers for Disease Control and Prevention (CDC and others},
  journal={HIV surveillance special report},
  volume={8},
  year={2014}
}

@article{van2008visualizing,
  title={Visualizing data using t-SNE},
  author={Van der Maaten, Laurens and Hinton, Geoffrey},
  journal={Journal of Machine Learning Research},
  volume={9},
  number={2579-2605},
  pages={85},
  year={2008}
}

@article{low2014graphlab,
  title={Graphlab: A new framework for parallel machine learning},
  author={Low, Yucheng and Gonzalez, Joseph E and Kyrola, Aapo and Bickson, Danny and Guestrin, Carlos E and Hellerstein, Joseph},
  journal={arXiv preprint arXiv:1408.2041},
  year={2014}
}

@article{mehta2011awareness,
  title={Awareness of post-exposure HIV prophylaxis in high-risk men who have sex with men in New York City},
  author={Mehta, Sapna A and Silvera, Richard and Bernstein, Kyle and Holzman, Robert S and Aberg, Judith A and Daskalakis, Demetre C},
  journal={Sexually transmitted infections},
  pages={sti--2010},
  year={2011},
  publisher={BMJ Publishing Group Ltd}
}

@article{liu2014early,
  title={Early experiences implementing pre-exposure prophylaxis (PrEP) for HIV prevention in San Francisco},
  author={Liu, Albert and Cohen, Stephanie and Follansbee, Stephen and Cohan, Deborah and Weber, Shannon and Sachdev, Darpun and Buchbinder, Susan},
  journal={PLoS Med},
  volume={11},
  number={3},
  pages={e1001613},
  year={2014},
  publisher={Public Library of Science}
}

@article{grant2010preexposure,
  title={Preexposure chemoprophylaxis for HIV prevention in men who have sex with men},
  author={Grant, Robert M and Lama, Javier R and Anderson, Peter L and McMahan, Vanessa and Liu, Albert Y and Vargas, Lorena and Goicochea, Pedro and Casap{\'\i}a, Martin and Guanira-Carranza, Juan Vicente and Ramirez-Cardich, Maria E and others},
  journal={New England Journal of Medicine},
  volume={363},
  number={27},
  pages={2587--2599},
  year={2010},
  publisher={Mass Medical Soc}
}

@article{van2012unraveling,
  title={Unraveling the divergent results of pre-exposure prophylaxis trials for HIV prevention},
  author={Van der Straten, Ariane and Van Damme, Lut and Haberer, Jessica E and Bangsberg, David R},
  journal={Aids},
  volume={26},
  number={7},
  pages={F13--F19},
  year={2012},
  publisher={LWW}
}

@article{jansen2009twitter,
  title={Twitter power: Tweets as electronic word of mouth},
  author={Jansen, Bernard J and Zhang, Mimi and Sobel, Kate and Chowdury, Abdur},
  journal={Journal of the American society for information science and technology},
  volume={60},
  number={11},
  pages={2169--2188},
  year={2009},
  publisher={Wiley Online Library}
}

@inproceedings{conover2011predicting,
  title={Predicting the political alignment of twitter users},
  author={Conover, Michael D and Gon{\c{c}}alves, Bruno and Ratkiewicz, Jacob and Flammini, Alessandro and Menczer, Filippo},
  booktitle={Privacy, Security, Risk and Trust (PASSAT) and 2011 IEEE Third Inernational Conference on Social Computing (SocialCom), 2011 IEEE Third International Conference on},
  pages={192--199},
  year={2011},
  organization={IEEE}
}

@inproceedings{aramaki2011twitter,
  title={Twitter catches the flu: detecting influenza epidemics using Twitter},
  author={Aramaki, Eiji and Maskawa, Sachiko and Morita, Mizuki},
  booktitle={Proceedings of the conference on empirical methods in natural language processing},
  pages={1568--1576},
  year={2011},
  organization={Association for Computational Linguistics}
}

@inproceedings{de2013predicting,
  title={Predicting postpartum changes in emotion and behavior via social media},
  author={De Choudhury, Munmun and Counts, Scott and Horvitz, Eric},
  booktitle={Proceedings of the SIGCHI Conference on Human Factors in Computing Systems},
  pages={3267--3276},
  year={2013},
  organization={ACM}
}

@article{myslin2013using,
  title={Using twitter to examine smoking behavior and perceptions of emerging tobacco products},
  author={Mysl{\'\i}n, Mark and Zhu, Shu-Hong and Chapman, Wendy and Conway, Mike},
  journal={Journal of medical Internet research},
  volume={15},
  number={8},
  pages={e174},
  year={2013},
  publisher={JMIR Publications Inc., Toronto, Canada}
}

@article{young2014methods,
  title={Methods of using real-time social media technologies for detection and remote monitoring of HIV outcomes},
  author={Young, Sean D and Rivers, Caitlin and Lewis, Bryan},
  journal={Preventive medicine},
  volume={63},
  pages={112--115},
  year={2014},
  publisher={Elsevier}
}

@article{young2013online,
  title={Online social networking for HIV education and prevention: a mixed methods analysis},
  author={Young, Sean D and Jaganath, Devan},
  journal={Sexually transmitted diseases},
  volume={40},
  number={2},
  year={2013},
  publisher={NIH Public Access}
}

@article{thigpen2012antiretroviral,
  title={Antiretroviral preexposure prophylaxis for heterosexual HIV transmission in Botswana},
  author={Thigpen, Michael C and Kebaabetswe, Poloko M and Paxton, Lynn A and Smith, Dawn K and Rose, Charles E and Segolodi, Tebogo M and Henderson, Faith L and Pathak, Sonal R and Soud, Fatma A and Chillag, Kata L and others},
  journal={New England Journal of Medicine},
  volume={367},
  number={5},
  pages={423--434},
  year={2012},
  publisher={Mass Medical Soc}
}

@article{young2015big,
  title={A “big data” approach to HIV epidemiology and prevention},
  author={Young, Sean D},
  journal={Preventive medicine},
  volume={70},
  pages={17--18},
  year={2015},
  publisher={Elsevier}
}

@article{mikolov2013efficient,
  title={Efficient estimation of word representations in vector space},
  author={Mikolov, Tomas and Chen, Kai and Corrado, Greg and Dean, Jeffrey},
  journal={arXiv preprint arXiv:1301.3781},
  year={2013}
}

@inproceedings{mikolov2013distributed,
  title={Distributed representations of words and phrases and their compositionality},
  author={Mikolov, Tomas and Sutskever, Ilya and Chen, Kai and Corrado, Greg S and Dean, Jeff},
  booktitle={Advances in neural information processing systems},
  pages={3111--3119},
  year={2013}
}

@article{le2014distributed,
  title={Distributed representations of sentences and documents},
  author={Le, Quoc V and Mikolov, Tomas},
  journal={arXiv preprint arXiv:1405.4053},
  year={2014}
}

@inproceedings{blei2006dynamic,
  title={Dynamic topic models},
  author={Blei, David M and Lafferty, John D},
  booktitle={Proceedings of the 23rd international conference on Machine learning},
  pages={113--120},
  year={2006},
  organization={ACM}
}

@article{blei2003latent,
  title={Latent dirichlet allocation},
  author={Blei, David M and Ng, Andrew Y and Jordan, Michael I},
  journal={the Journal of machine Learning research},
  volume={3},
  pages={993--1022},
  year={2003},
  publisher={JMLR. org}
}

@misc{truvadagenericblog,
  author = {Ethan, Guillen},
  title = {When Might Generic Truvada Be Available for PrEP in the US?},
  journal = {Ethan The Blog},
  type = {Blog},
  number = {March 16},
  year = {2015},
  howpublished = {\url{http://www.ethantheblog.info/?p=50}
}