@article{centers2014hiv,
  title={HIV risk, prevention, and testing behaviors. National HIV Behavioral Surveillance System: men who have sex with men, 20 US cities, 2011. In: HIV surveillance special report 8},
  author={Centers for Disease Control and Prevention (CDC and others},
  journal={HIV surveillance special report},
  volume={8},
  year={2014}
}

@article{van2008visualizing,
  title={Visualizing data using t-SNE},
  author={Van der Maaten, Laurens and Hinton, Geoffrey},
  journal={Journal of Machine Learning Research},
  volume={9},
  number={2579-2605},
  pages={85},
  year={2008}
}

@article{low2014graphlab,
  title={Graphlab: A new framework for parallel machine learning},
  author={Low, Yucheng and Gonzalez, Joseph E and Kyrola, Aapo and Bickson, Danny and Guestrin, Carlos E and Hellerstein, Joseph},
  journal={arXiv preprint arXiv:1408.2041},
  year={2014}
}